,Line Item,Q1-2013,Q2-2013,Q3-2013,Q4-2013,Q1-2014,Q2-2014,Q3-2014,Q4-2014,Q1-2015,Q2-2015,Q3-2015,Q4-2015,Q1-2016,Q2-2016,Q3-2016,Q4-2016,Q1-2017,Q2-2017,Q3-2017,Q4-2017,Q1-2018,Q2-2018,Q3-2018,Q4-2018,Q1-2019,Q2-2019,Q3-2019,Q4-2019
0,Net Revenue,16962000000,18426000000,15944000000,17542000000.0,16163000000,16136000000,16697000000,15410000000.0,15975000000,15699000000,12822000000,13831000000.0,11779000000,14724000000,12854000000,13010000000.0,12632000000,12502000000,11751000000,12635000000.0,11712000000,11631000000,11486000000,12560000000.0,12456000000,,,
1,Net Premiums Earned,9372000000,9200000000,9352000000,9575000000.0,9075000000,9485000000,9486000000,9208000000.0,8822000000,9545000000,8862000000,9426000000.0,8806000000,8751000000,8581000000,8255000000.0,7782000000,7614000000,8063000000,7915000000.0,7275000000,7207000000,7668000000,8464000000.0,8070000000,,,
2,Investment Income (Loss),4164000000,3844000000,3573000000,4229000000.0,4196000000,3884000000,4028000000,3971000000.0,3838000000,3826000000,3206000000,3183000000.0,3013000000,3683000000,3783000000,3586000000.0,3686000000,3613000000,3416000000,3464000000.0,3261000000,3065000000,3396000000,2754000000.0,3879000000,,,
3,Income from Real Estate,,,,,,,,,,,,,,,,,,,,,,,,,,,,
4,Other Operating Income,3426000000,5382000000,3019000000,3738000000.0,2892000000,2767000000,3183000000,2231000000.0,3315000000,2328000000,754000000,1222000000.0,-40000000,2290000000,490000000,1169000000.0,1164000000,1275000000,272000000,1256000000.0,1176000000,1359000000,422000000,1342000000.0,507000000,,,
5,Policy Charges & Fees,615000000,623000000,645000000,457000000.0,631000000,640000000,677000000,667000000.0,677000000,688000000,701000000,689000000.0,687000000,696000000,646000000,703000000.0,724000000,725000000,728000000,758000000.0,764000000,763000000,530000000,734000000.0,735000000,,,
6,Total Realized Investment Gains,300000000,1591000000,252000000,-204000000.0,-152000000,162000000,536000000,193000000.0,1341000000,126000000,-342000000,-349000000.0,-1106000000,1042000000,-765000000,-1115000000.0,-115000000,-69000000,-922000000,-274000000.0,-19000000,165000000,-511000000,235000000.0,-446000000,,,
7,Total OTTI Realized,-41000000,-27000000,-39000000,-80000000.0,-54000000,-48000000,-35000000,-80000000.0,-97000000,-152000000,-242000000,-100000000.0,-202000000,-94000000,-72000000,-119000000.0,-60000000,-61000000,-74000000,-32000000.0,-87000000,-36000000,-35000000,-93000000.0,-83000000,,,
8,Other Realized Investment Gains,341000000,1618000000,291000000,-124000000.0,-98000000,210000000,571000000,273000000.0,1438000000,278000000,-100000000,-249000000.0,-904000000,1136000000,-693000000,-996000000.0,-55000000,-8000000,-848000000,-242000000.0,68000000,201000000,-476000000,328000000.0,-363000000,,,
9,Other Income,2511000000,3168000000,2122000000,3485000000.0,2413000000,1965000000,1970000000,1371000000.0,1297000000,1514000000,395000000,882000000.0,379000000,552000000,609000000,1581000000.0,555000000,619000000,466000000,772000000.0,431000000,431000000,403000000,373000000.0,218000000,,,
10,Claims & Losses,-7745000000,-9062000000,-8340000000,-8248000000.0,-7752000000,-7734000000,-8085000000,-8478000000.0,-7486000000,-8042000000,-7817000000,-11731000000.0,-7337000000,-7833000000,-8376000000,-12596000000.0,-6957000000,-7190000000,-11189000000,-8228000000.0,-6583000000,-6440000000,-9245000000,-8898000000.0,-7619000000,,,
11,Claims & Losses,,,,,,,,,,,,,,,,,,,,,,,,,,,,
12,Long Term Charges,,,,,,,,,,,,,,,,,,,,,,,,,,,,
13,Other Claims & Losses,,,,,,,,,,,,,,,,,,,,,,,,,,,,
14,Underwriting Expense & Acquisition Cost,-1286000000,-1353000000,-1220000000,-1298000000.0,-1305000000,-1396000000,-1288000000,-1341000000.0,-1350000000,-1356000000,-1275000000,-1255000000.0,-1262000000,-1345000000,-1018000000,-896000000.0,-1108000000,-1115000000,-912000000,-1153000000.0,-1358000000,-1337000000,-1118000000,-1573000000.0,-1289000000,,,
15,Other Operating Expense,-4139000000,-4226000000,-4609000000,-5139000000.0,-4120000000,-4203000000,-3151000000,-3249000000.0,-2949000000,-3090000000,-3175000000,-3472000000.0,-3003000000,-2586000000,-2536000000,-2864000000.0,-2443000000,-2182000000,-2149000000,-2333000000.0,-2271000000,-2323000000,-2325000000,-2383000000.0,-2053000000,,,
16,Operating Income (Loss),3792000000,3785000000,1775000000,2857000000.0,2986000000,2803000000,4173000000,2342000000.0,4190000000,3211000000,555000000,-2627000000.0,177000000,2960000000,924000000,-3346000000.0,2124000000,2015000000,-2499000000,921000000.0,1500000000,1531000000,-1202000000,-294000000.0,1495000000,,,
17,Non-Operating Income (Loss),-577000000,-535000000,-516000000,-514000000.0,-479000000,-463000000,-430000000,-346000000.0,-340000000,-316000000,-321000000,-304000000.0,-306000000,-320000000,-329000000,-305000000.0,-298000000,-292000000,-290000000,-288000000.0,-277000000,-299000000,-326000000,-407000000.0,-349000000,,,
18,Income (Loss) from Affiliates,,,,,,,,,,,,,,,,,,,,,,,,,,,,
19,Interest Expense,-577000000,-535000000,-516000000,-514000000.0,-479000000,-463000000,-430000000,-346000000.0,-340000000,-316000000,-321000000,-304000000.0,-306000000,-320000000,-329000000,-305000000.0,-298000000,-292000000,-290000000,-288000000.0,-277000000,-299000000,-326000000,-407000000.0,-349000000,,,
20,Other Non-Operating Income (Loss),,,,,,,,,,,,,,,,,,,,,,,,,,,,
21,"Pretax Income (Loss), Adjusted",3215000000,3250000000,1259000000,2343000000.0,2507000000,2340000000,3743000000,1996000000.0,3850000000,2895000000,234000000,-2931000000.0,-129000000,2640000000,595000000,-3651000000.0,1826000000,1723000000,-2789000000,633000000.0,1223000000,1232000000,-1528000000,-701000000.0,1146000000,,,
22,Abnormal Gains (Losses),-340000000,-85000000,-81000000,-193000000.0,-234000000,2140000000,-724000000,-1267000000.0,-74000000,-343000000,-349000000,-1000000.0,-85000000,218000000,142000000,196000000.0,-99000000,-56000000,-14000000,242000000.0,4000000,20000000,1000000,6000000.0,8000000,,,
23,Merger / Acquisition Expense,,,,,,,,,,,,,,,,,,,,,,,,,,,,
24,Abnormal Derivatives,,,,,,,,,,,,,,,,,,,,,,,,,,,,
25,Disposal of Assets,,,,,,,,,,,,,,,,,,,,,,,,,,,,
26,Early extinguishment of Debt,,,,,,,,,,,,,,,,,,,,,,,,,,,,
27,Asset Write-Down,,,,,,,,,,,,,,,,,,,,,,,,,,,,
28,Impairment of Goodwill & Intangibles,,,,,,,,,,,,,,,,,,,,,,,,,,,,
29,Sale of Business,,,,,,,,,,,,,,,,,,,,,,,,,,,,
30,Legal Settlement,,,,,,,,,,,,,,,,,,,,,,,,,,,,
31,Restructuring Charges,,,,,,,,,,,,,,,,,,,,,,,,,,,,
32,Net Investment Losses,,,,,,,,,,,,,,,,,,,,,,,,,,,,
33,Foreign Exchange,,,,,,,,,,,,,,,,,,,,,,,,,,,,
34,Other Abnormal Items,,,,,,,,,,,,,,,,,,,,,,,,,,,,
35,Pretax Income (Loss),2875000000,3165000000,1178000000,2150000000.0,2273000000,4480000000,3019000000,729000000.0,3776000000,2552000000,-115000000,-2932000000.0,-214000000,2858000000,737000000,-3455000000.0,1727000000,1667000000,-2803000000,875000000.0,1227000000,1252000000,-1527000000,-695000000.0,1154000000,,,
36,"Income Tax (Expense) Benefit, net",-717000000,-425000000,970000000,-188000000.0,-614000000,-1474000000,-820000000,-19000000.0,-1300000000,-777000000,-65000000,1083000000.0,58000000,-924000000,-304000000,985000000.0,-516000000,-557000000,1091000000,-7544000000.0,-277000000,-321000000,307000000,137000000.0,-217000000,,,
37,Current Income Tax,,,,-680000000.0,,,,-588000000.0,,,,-820000000.0,,,,-576000000.0,,,,-636000000.0,,,,-336000000.0,,,,
38,Deferred Income Tax,,,,320000000.0,,,,-2339000000.0,,,,-239000000.0,,,,391000000.0,,,,-6890000000.0,,,,182000000.0,,,,
39,Tax Allowance/Credit,,,,,,,,,,,,,,,,,,,,,,,,,,,,
40,"Income (Loss) from Affiliates, net of taxes",,,,,,,,,,,,,,,,,,,,,,,,,,,,
41,Income (Loss) from Continuing Operations,2158000000,2740000000,2148000000,1962000000.0,1659000000,3006000000,2199000000,710000000.0,2476000000,1775000000,-180000000,-1849000000.0,-156000000,1934000000,433000000,-2470000000.0,1211000000,1110000000,-1712000000,-6669000000.0,950000000,931000000,-1220000000,-558000000.0,937000000,,,
42,Net Extraordinary Gains (Losses),73000000,18000000,-18000000,11000000.0,-47000000,30000000,2000000,-35000000.0,1000000,16000000,-17000000,0.0,-47000000,-10000000,3000000,-36000000.0,0,8000000,-1000000,-3000000.0,-1000000,0,-39000000,-2000000.0,0,,,
43,Discontinued Operations,73000000,18000000,-18000000,11000000.0,-47000000,30000000,2000000,-35000000.0,1000000,16000000,-17000000,0.0,-47000000,-10000000,3000000,-36000000.0,0,8000000,-1000000,-3000000.0,-1000000,0,-39000000,-2000000.0,0,,,
44,XO & Accounting Charges & Other,,,,,,,,,,,,,,,,,,,,,,,,,,,,
45,Income (Loss) Including Minority Interest,2231000000,2758000000,2130000000,1973000000.0,1612000000,3036000000,2201000000,675000000.0,2477000000,1791000000,-197000000,-1849000000.0,-203000000,1924000000,436000000,-2506000000.0,1211000000,1118000000,-1713000000,-6672000000.0,949000000,931000000,-1259000000,-560000000.0,937000000,,,
46,Minority Interest,-25000000,-27000000,40000000,5000000.0,-3000000,37000000,-9000000,-20000000.0,-9000000,9000000,-34000000,8000000.0,20000000,-11000000,26000000,-535000000.0,-26000000,12000000,-26000000,12000000.0,-11000000,6000000,0,-62000000.0,-283000000,,,
47,Net Income,2206000000,2731000000,2170000000,1978000000.0,1609000000,3073000000,2192000000,655000000.0,2468000000,1800000000,-231000000,-1841000000.0,-183000000,1913000000,462000000,-3041000000.0,1185000000,1130000000,-1739000000,-6660000000.0,938000000,937000000,-1259000000,-622000000.0,654000000,,,
48,Preferred Dividends,,,,,,,,,,,,,,,,,,,,,,,,,,,,
49,Other Adjustments,,,,,,,,,,,,,,,,,,,,,,,,,,,,
50,Net Income Available to Common Shareholders,2206000000,2731000000,2170000000,1978000000.0,1609000000,3073000000,2192000000,655000000.0,2468000000,1800000000,-231000000,-4037000000.0,-183000000,1913000000,462000000,-3041000000.0,1185000000,1130000000,-1739000000,-6660000000.0,938000000,937000000,-1259000000,-622000000.0,654000000,,,
