,Line Item,Q1-2013,Q2-2013,Q3-2013,Q4-2013,Q1-2014,Q2-2014,Q3-2014,Q4-2014,Q1-2015,Q2-2015,Q3-2015,Q4-2015,Q1-2016,Q2-2016,Q3-2016,Q4-2016,Q1-2017,Q2-2017,Q3-2017,Q4-2017,Q1-2018,Q2-2018,Q3-2018,Q4-2018,Q1-2019,Q2-2019,Q3-2019,Q4-2019
0,Net Revenue,6208000000,6044000000,5886000000,5801000000.0,5640000000,5838000000,5736000000,5514000000.0,5226000000,5287000000,5040000000,5319000000.0,5451000000,5437000000,5716000000,5955000000.0,5309000000,5428000000,5506000000,5424000000.0,5464000000,5589000000,5577000000,5128000000.0,,,,
1,Net Premiums Earned,5184000000,5013000000,5028000000,4910000000.0,4854000000,4888000000,4841000000,4489000000.0,4432000000,4364000000,4380000000,4394000000.0,4602000000,4823000000,5022000000,4778000000.0,4638000000,4665000000,4648000000,4580000000.0,4745000000,4706000000,4636000000,4590000000.0,,,,
2,Investment Income (Loss),833000000,813000000,821000000,826000000.0,827000000,843000000,841000000,808000000.0,782000000,777000000,784000000,792000000.0,801000000,822000000,842000000,813000000.0,794000000,802000000,811000000,813000000.0,837000000,862000000,870000000,873000000.0,,,,
3,Income from Real Estate,,,,,,,,,,,,,,,,,,,,,,,,,,,,
4,Other Operating Income,191000000,218000000,37000000,65000000.0,-41000000,107000000,54000000,217000000.0,12000000,146000000,-124000000,133000000.0,48000000,-208000000,-148000000,364000000.0,-123000000,-39000000,47000000,31000000.0,-118000000,21000000,71000000,-335000000.0,,,,
5,Policy Charges & Fees,,,,,,,,,,,,,,,,,,,,,,,,,,,,
6,Total Realized Investment Gains,156000000,201000000,22000000,20000000.0,-46000000,102000000,16000000,143000000.0,13000000,127000000,-114000000,80000000.0,30000000,-223000000,-164000000,234000000.0,-140000000,-56000000,30000000,15000000.0,-134000000,3000000,56000000,-355000000.0,,,,
7,Total OTTI Realized,-55000000,0,-10000000,-134000000.0,-3000000,-28000000,0,0.0,-6000000,0,-137000000,-11000000.0,-14000000,-33000000,-23000000,-13000000.0,-10000000,-9000000,-8000000,-10000000.0,-7000000,-5000000,-5000000,-64000000.0,,,,
8,Other Realized Investment Gains,211000000,201000000,32000000,154000000.0,-43000000,130000000,16000000,143000000.0,19000000,127000000,23000000,91000000.0,44000000,-190000000,-141000000,247000000.0,-130000000,-47000000,38000000,25000000.0,-127000000,8000000,61000000,-291000000.0,,,,
9,Other Income,35000000,17000000,15000000,45000000.0,5000000,5000000,38000000,74000000.0,-1000000,19000000,-10000000,53000000.0,18000000,15000000,16000000,130000000.0,17000000,17000000,17000000,16000000.0,16000000,18000000,15000000,20000000.0,,,,
10,Claims & Losses,-3521000000,-3411000000,-3485000000,-3396000000.0,-3220000000,-3293000000,-3355000000,-3069000000.0,-2952000000,-2937000000,-2927000000,-2930000000.0,-3025000000,-3254000000,-3378000000,-3262000000.0,-3052000000,-3039000000,-3083000000,-3007000000.0,-3042000000,-3031000000,-3002000000,-2925000000.0,,,,
11,Claims & Losses,,,,,,,,,,,,,,,,,,,,,,,,,,,,
12,Long Term Charges,,,,,,,,,,,,,,,,,,,,,,,,,,,,
13,Other Claims & Losses,,,,,,,,,,,,,,,,,,,,,,,,,,,,
14,Underwriting Expense & Acquisition Cost,-1209000000,-1158000000,-1212000000,-1245000000.0,-1194000000,-1182000000,-1198000000,-1231000000.0,-1137000000,-1130000000,-1138000000,-1570000000.0,-1188000000,-1283000000,-1310000000,-1180000000.0,-1236000000,-1283000000,-1289000000,-1420000000.0,-1384000000,-1373000000,-1376000000,-1420000000.0,,,,
15,Other Operating Expense,-46000000,-48000000,-49000000,-50000000.0,-42000000,-44000000,-32000000,-60000000.0,-41000000,-272000000,-44000000,357000000.0,-56000000,,,-288000000.0,-61000000,,,61000000.0,,,,,,,,
16,Operating Income (Loss),1432000000,1427000000,1140000000,1110000000.0,1184000000,1319000000,1151000000,1154000000.0,1096000000,948000000,931000000,1176000000.0,1182000000,900000000,1028000000,1225000000.0,960000000,1106000000,1134000000,1058000000.0,1038000000,1185000000,1199000000,783000000.0,,,,
17,Non-Operating Income (Loss),-71000000,-69000000,-71000000,-82000000.0,-80000000,-81000000,-77000000,-79000000.0,-83000000,-74000000,-67000000,-65000000.0,-65000000,-66000000,-65000000,-72000000.0,-62000000,-61000000,-59000000,-58000000.0,-56000000,-54000000,-53000000,-59000000.0,,,,
18,Income (Loss) from Affiliates,,,,,,,,,,,,,,,,,,,,,,,,,,,,
19,Interest Expense,-71000000,-69000000,-71000000,-82000000.0,-80000000,-81000000,-77000000,-79000000.0,-83000000,-74000000,-67000000,-65000000.0,-65000000,-66000000,-65000000,-72000000.0,-62000000,-61000000,-59000000,-58000000.0,-56000000,-54000000,-53000000,-59000000.0,,,,
20,Other Non-Operating Income (Loss),,,,,,,,,,,,,,,,,,,,,,,,,,,,
21,"Pretax Income (Loss), Adjusted",1361000000,1358000000,1069000000,1028000000.0,1104000000,1238000000,1074000000,1075000000.0,1013000000,874000000,864000000,1111000000.0,1117000000,834000000,963000000,1153000000.0,898000000,1045000000,1075000000,1000000000.0,982000000,1131000000,1146000000,724000000.0,,,,
22,Abnormal Gains (Losses),,,,,,,,,,,,,,,,,,,,,,,,,,,,
23,Merger / Acquisition Expense,,,,,,,,,,,,,,,,,,,,,,,,,,,,
24,Abnormal Derivatives,,,,,,,,,,,,,,,,,,,,,,,,,,,,
25,Disposal of Assets,,,,,,,,,,,,,,,,,,,,,,,,,,,,
26,Early extinguishment of Debt,,,,,,,,,,,,,,,,,,,,,,,,,,,,
27,Asset Write-Down,,,,,,,,,,,,,,,,,,,,,,,,,,,,
28,Impairment of Goodwill & Intangibles,,,,,,,,,,,,,,,,,,,,,,,,,,,,
29,Sale of Business,,,,,,,,,,,,,,,,,,,,,,,,,,,,
30,Legal Settlement,,,,,,,,,,,,,,,,,,,,,,,,,,,,
31,Restructuring Charges,,,,,,,,,,,,,,,,,,,,,,,,,,,,
32,Net Investment Losses,,,,,,,,,,,,,,,,,,,,,,,,,,,,
33,Foreign Exchange,,,,,,,,,,,,,,,,,,,,,,,,,,,,
34,Other Abnormal Items,,,,,,,,,,,,,,,,,,,,,,,,,,,,
35,Pretax Income (Loss),1361000000,1358000000,1069000000,1028000000.0,1104000000,1238000000,1074000000,1075000000.0,1013000000,874000000,864000000,1111000000.0,1117000000,834000000,963000000,1153000000.0,898000000,1045000000,1075000000,1000000000.0,982000000,1131000000,1146000000,724000000.0,,,,
36,"Income Tax (Expense) Benefit, net",-469000000,-469000000,-367000000,-353000000.0,-372000000,-428000000,-368000000,-372000000.0,-350000000,-301000000,-297000000,-381000000.0,-386000000,-286000000,-334000000,-402000000.0,-306000000,-332000000,-359000000,1583000000.0,-265000000,-299000000,-301000000,-198000000.0,,,,
37,Current Income Tax,,,,-1236000000.0,,,,-1079000000.0,,,,-1288000000.0,,,,-884000000.0,,,,-631000000.0,,,,-1379000000.0,,,,
38,Deferred Income Tax,,,,-422000000.0,,,,-461000000.0,,,,-41000000.0,,,,-524000000.0,,,,1217000000.0,,,,316000000.0,,,,
39,Tax Allowance/Credit,,,,,,,,,,,,,,,,,,,,,,,,,,,,
40,"Income (Loss) from Affiliates, net of taxes",,,,,,,,,,,,,,,,,,,,,,,,,,,,
41,Income (Loss) from Continuing Operations,892000000,889000000,702000000,675000000.0,732000000,810000000,706000000,703000000.0,663000000,573000000,567000000,730000000.0,731000000,548000000,629000000,751000000.0,592000000,713000000,716000000,2583000000.0,717000000,832000000,845000000,526000000.0,,,,
42,Net Extraordinary Gains (Losses),,,,,,,,,,,,,,,,,,,,,,,,,,,,
43,Discontinued Operations,,,,,,,,,,,,,,,,,,,,,,,,,,,,
44,XO & Accounting Charges & Other,,,,,,,,,,,,,,,,,,,,,,,,,,,,
45,Income (Loss) Including Minority Interest,892000000,889000000,702000000,675000000.0,732000000,810000000,706000000,703000000.0,663000000,573000000,567000000,730000000.0,731000000,548000000,629000000,751000000.0,592000000,713000000,716000000,2583000000.0,717000000,832000000,845000000,526000000.0,,,,
46,Minority Interest,,,,,,,,,,,,,,,,,,,,,,,,,,,,
47,Net Income,892000000,889000000,702000000,675000000.0,732000000,810000000,706000000,703000000.0,663000000,573000000,567000000,730000000.0,731000000,548000000,629000000,751000000.0,592000000,713000000,716000000,2583000000.0,717000000,832000000,845000000,526000000.0,,,,
48,Preferred Dividends,,,,,,,,,,,,,,,,,,,,,,,,,,,,
49,Other Adjustments,,,,,,,,,,,,,,,,,,,,,,,,,,,,
50,Net Income Available to Common Shareholders,892000000,889000000,702000000,675000000.0,732000000,810000000,706000000,703000000.0,663000000,573000000,567000000,730000000.0,731000000,548000000,629000000,751000000.0,592000000,713000000,716000000,2583000000.0,717000000,832000000,845000000,526000000.0,,,,
